@article{lu2010link,
  title={Link prediction in weighted networks: The role of weak ties},
  author={L{\"u}, Linyuan and Zhou, Tao},
  journal={EPL (Europhysics Letters)},
  volume={89},
  number={1},
  pages={18001},
  year={2010},
  publisher={IOP Publishing}
}

@article{lu2011link,
  title={Link prediction in complex networks: A survey},
  author={L{\"u}, Linyuan and Zhou, Tao},
  journal={Physica A: Statistical Mechanics and its Applications},
  volume={390},
  number={6},
  pages={1150--1170},
  year={2011},
  publisher={Elsevier}
}

@article{adamic2003friends,
  title={Friends and neighbors on the web},
  author={Adamic, Lada A and Adar, Eytan},
  journal={Social networks},
  volume={25},
  number={3},
  pages={211--230},
  year={2003},
  publisher={Elsevier}
}

@inproceedings{murata2007link,
  title={Link prediction of social networks based on weighted proximity measures},
  author={Murata, Tsuyoshi and Moriyasu, Sakiko},
  booktitle={Web Intelligence, IEEE/WIC/ACM international conference on},
  pages={85--88},
  year={2007},
  organization={IEEE}
}

@article{lancichinetti2008benchmark,
  title={Benchmark graphs for testing community detection algorithms},
  author={Lancichinetti, Andrea and Fortunato, Santo and Radicchi, Filippo},
  journal={Physical review E},
  volume={78},
  number={4},
  pages={046110},
  year={2008},
  publisher={APS}
}

@article{lancichinetti2009benchmarks,
  title={Benchmarks for testing community detection algorithms on directed and weighted graphs with overlapping communities},
  author={Lancichinetti, Andrea and Fortunato, Santo},
  journal={Physical Review E},
  volume={80},
  number={1},
  pages={016118},
  year={2009},
  publisher={APS}
}

@article{lancichinetti2009community,
  title={Community detection algorithms: a comparative analysis},
  author={Lancichinetti, Andrea and Fortunato, Santo},
  journal={Physical review E},
  volume={80},
  number={5},
  pages={056117},
  year={2009},
  publisher={APS}
}

@inproceedings{soundarajan2012using,
  title={Using community information to improve the precision of link prediction methods},
  author={Soundarajan, Sucheta and Hopcroft, John},
  booktitle={Proceedings of the 21st international conference companion on World Wide Web},
  pages={607--608},
  year={2012},
  organization={ACM}
}

@article{salton1986introduction,
  title={Introduction to modern information retrieval},
  author={Salton, Gerard and McGill, Michael J},
  year={1986},
  publisher={McGraw-Hill, Inc.}
}

@book{jaccard1901etude,
  title={Etude comparative de la distribution florale dans une portion des Alpes et du Jura},
  author={Jaccard, Paul},
  year={1901},
  publisher={Impr. Corbaz}
}

@article{sorensen1948method,
  title={$\{$A method of establishing groups of equal amplitude in plant sociology based on similarity of species and its application to analyses of the vegetation on Danish commons$\}$},
  author={S{\o}rensen, Thorvald},
  journal={Biol. Skr.},
  volume={5},
  pages={1--34},
  year={1948}
}

@article{zhou2009predicting,
  title={Predicting missing links via local information},
  author={Zhou, Tao and L{\"u}, Linyuan and Zhang, Yi-Cheng},
  journal={The European Physical Journal B},
  volume={71},
  number={4},
  pages={623--630},
  year={2009},
  publisher={Springer}
}

@article{ravasz2002hierarchical,
  title={Hierarchical organization of modularity in metabolic networks},
  author={Ravasz, Erzs{\'e}bet and Somera, Anna Lisa and Mongru, Dale A and Oltvai, Zolt{\'a}n N and Barab{\'a}si, A-L},
  journal={science},
  volume={297},
  number={5586},
  pages={1551--1555},
  year={2002},
  publisher={American Association for the Advancement of Science}
}

@inproceedings{lin1998information,
  title={An information-theoretic definition of similarity.},
  author={Lin, Dekang},
  booktitle={ICML},
  volume={98},
  pages={296--304},
  year={1998}
}

@article{wang2015link,
  title={Link prediction in social networks: the state-of-the-art},
  author={Wang, Peng and Xu, BaoWen and Wu, YuRong and Zhou, XiaoYu},
  journal={Science China Information Sciences},
  volume={58},
  number={1},
  pages={1--38},
  year={2015},
  publisher={Springer}
}

@misc{lfrweb,
  author = {Andrea Lancichinetti},
  title = {{LFR network benchmarks}},
  howpublished = "\url{https://sites.google.com/site/andrealancichinetti/files}",
  year = {2009}, 
  note = "[Online; accessed 1-August-2015]"
}

@article{porter2009communities,
  title={Communities in networks},
  author={Porter, Mason A and Onnela, Jukka-Pekka and Mucha, Peter J},
  journal={Notices of the AMS},
  volume={56},
  number={9},
  pages={1082--1097},
  year={2009}
}

@article{fortunato2010community,
  title={Community detection in graphs},
  author={Fortunato, Santo},
  journal={Physics Reports},
  volume={486},
  number={3},
  pages={75--174},
  year={2010},
  publisher={Elsevier}
}

@incollection{yang2010discovering,
  title={Discovering communities from social networks: methodologies and applications},
  author={Yang, Bo and Liu, Dayou and Liu, Jiming},
  booktitle={Handbook of Social Network Technologies and Applications},
  pages={331--346},
  year={2010},
  publisher={Springer}
}

@article{newman2004finding,
  title={Finding and evaluating community structure in networks},
  author={Newman, Mark EJ and Girvan, Michelle},
  journal={Physical review E},
  volume={69},
  number={2},
  pages={026113},
  year={2004},
  publisher={APS}
}

@article{rosvall2008maps,
  title={Maps of random walks on complex networks reveal community structure},
  author={Rosvall, Martin and Bergstrom, Carl T},
  journal={Proceedings of the National Academy of Sciences},
  volume={105},
  number={4},
  pages={1118--1123},
  year={2008},
  publisher={National Acad Sciences}
}

@article{rosvall2010map,
  title={The map equation},
  author={Rosvall, Martin and Axelsson, Daniel and Bergstrom, Carl T},
  journal={The European Physical Journal Special Topics},
  volume={178},
  number={1},
  pages={13--23},
  year={2010},
  publisher={Springer}
}

@book{grunwald2005advances,
  title={Advances in minimum description length: Theory and applications},
  author={Gr{\"u}nwald, Peter D and Myung, In Jae and Pitt, Mark A},
  year={2005},
  publisher={MIT press}
}

@article{newman2001clustering,
  title={Clustering and preferential attachment in growing networks},
  author={Newman, Mark EJ},
  journal={Physical Review E},
  volume={64},
  number={2},
  pages={025102},
  year={2001},
  publisher={APS}
}

@article{kossinets2006effects,
  title={Effects of missing data in social networks},
  author={Kossinets, Gueorgi},
  journal={Social networks},
  volume={28},
  number={3},
  pages={247--268},
  year={2006},
  publisher={Elsevier}
}

@article{leicht2006vertex,
  title={Vertex similarity in networks},
  author={Leicht, EA and Holme, Petter and Newman, Mark EJ},
  journal={Physical Review E},
  volume={73},
  number={2},
  pages={026120},
  year={2006},
  publisher={APS}
}

@article{zhu2012uncovering,
  title={Uncovering missing links with cold ends},
  author={Zhu, Yu-Xiao and L{\"u}, Linyuan and Zhang, Qian-Ming and Zhou, Tao},
  journal={Physica A: Statistical Mechanics and its Applications},
  volume={391},
  number={22},
  pages={5769--5778},
  year={2012},
  publisher={Elsevier}
}

@article{hanley1982meaning,
  title={The meaning and use of the area under a receiver operating characteristic (ROC) curve.},
  author={Hanley, James A and McNeil, Barbara J},
  journal={Radiology},
  volume={143},
  number={1},
  pages={29--36},
  year={1982}
}

@article{liben2007link,
  title={The link-prediction problem for social networks},
  author={Liben-Nowell, David and Kleinberg, Jon},
  journal={Journal of the American society for information science and technology},
  volume={58},
  number={7},
  pages={1019--1031},
  year={2007},
  publisher={Wiley Online Library}
}

@article{bhattacharyya2011analysis,
  title={Analysis of user keyword similarity in online social networks},
  author={Bhattacharyya, Prantik and Garg, Ankush and Wu, Shyhtsun Felix},
  journal={Social network analysis and mining},
  volume={1},
  number={3},
  pages={143--158},
  year={2011},
  publisher={Springer}
}

@inproceedings{anderson2012effects,
  title={Effects of user similarity in social media},
  author={Anderson, Ashton and Huttenlocher, Daniel and Kleinberg, Jon and Leskovec, Jure},
  booktitle={Proceedings of the fifth ACM international conference on Web search and data mining},
  pages={703--712},
  year={2012},
  organization={ACM}
}

@article{breiman1992submodel,
  title={Submodel selection and evaluation in regression. The X-random case},
  author={Breiman, Leo and Spector, Philip},
  journal={International statistical review/revue internationale de Statistique},
  pages={291--319},
  year={1992},
  publisher={JSTOR}
}

@inproceedings{kohavi1995study,
  title={A study of cross-validation and bootstrap for accuracy estimation and model selection},
  author={Kohavi, Ron and others},
  booktitle={Ijcai},
  volume={14},
  number={2},
  pages={1137--1145},
  year={1995}
}

@inproceedings{sarkar2011theoretical,
  title={Theoretical Justification of Popular Link Prediction Heuristics.},
  author={Sarkar, Purnamrita and Chakrabarti, Deepayan and Moore, Andrew W},
  booktitle={IJCAI Proceedings-International Joint Conference on Artificial Intelligence},
  volume={22},
  number={3},
  pages={2722},
  year={2011}
}

@article{lu2009similarity,
  title={Similarity index based on local paths for link prediction of complex networks},
  author={L{\"u}, Linyuan and Jin, Ci-Hang and Zhou, Tao},
  journal={Physical Review E},
  volume={80},
  number={4},
  pages={046122},
  year={2009},
  publisher={APS}
}

@article{papadimitriou2012fast,
  title={Fast and accurate link prediction in social networking systems},
  author={Papadimitriou, Alexis and Symeonidis, Panagiotis and Manolopoulos, Yannis},
  journal={Journal of Systems and Software},
  volume={85},
  number={9},
  pages={2119--2132},
  year={2012},
  publisher={Elsevier}
}

@article{katz1953new,
  title={A new status index derived from sociometric analysis},
  author={Katz, Leo},
  journal={Psychometrika},
  volume={18},
  number={1},
  pages={39--43},
  year={1953},
  publisher={Springer}
}

@article{mcpherson2001birds,
  title={Birds of a feather: Homophily in social networks},
  author={McPherson, Miller and Smith-Lovin, Lynn and Cook, James M},
  journal={Annual review of sociology},
  pages={415--444},
  year={2001},
  publisher={JSTOR}
}

@inproceedings{jeh2002simrank,
  title={SimRank: a measure of structural-context similarity},
  author={Jeh, Glen and Widom, Jennifer},
  booktitle={Proceedings of the eighth ACM SIGKDD international conference on Knowledge discovery and data mining},
  pages={538--543},
  year={2002},
  organization={ACM}
}

@inproceedings{lichtenwalter2010new,
  title={New perspectives and methods in link prediction},
  author={Lichtenwalter, Ryan N and Lussier, Jake T and Chawla, Nitesh V},
  booktitle={Proceedings of the 16th ACM SIGKDD international conference on Knowledge discovery and data mining},
  pages={243--252},
  year={2010},
  organization={ACM}
}

@inproceedings{friedman1999learning,
  title={Learning probabilistic relational models},
  author={Friedman, Nir and Getoor, Lise and Koller, Daphne and Pfeffer, Avi},
  booktitle={IJCAI},
  volume={99},
  pages={1300--1309},
  year={1999}
}

@inproceedings{song2009scalable,
  title={Scalable proximity estimation and link prediction in online social networks},
  author={Song, Han Hee and Cho, Tae Won and Dave, Vacha and Zhang, Yin and Qiu, Lili},
  booktitle={Proceedings of the 9th ACM SIGCOMM conference on Internet measurement conference},
  pages={322--335},
  year={2009},
  organization={ACM}
}

@article{valverde2013exploiting,
  title={Exploiting behaviors of communities of twitter users for link prediction},
  author={Valverde-Rebaza, Jorge and de Andrade Lopes, Alneu},
  journal={Social Network Analysis and Mining},
  volume={3},
  number={4},
  pages={1063--1074},
  year={2013},
  publisher={Springer}
}

@incollection{menon2011link,
  title={Link prediction via matrix factorization},
  author={Menon, Aditya Krishna and Elkan, Charles},
  booktitle={Machine Learning and Knowledge Discovery in Databases},
  pages={437--452},
  year={2011},
  publisher={Springer}
}

@article{yu2008high,
  title={High-quality binary protein interaction map of the yeast interactome network},
  author={Yu, Haiyuan and Braun, Pascal and Y{\i}ld{\i}r{\i}m, Muhammed A and Lemmens, Irma and Venkatesan, Kavitha and Sahalie, Julie and Hirozane-Kishikawa, Tomoko and Gebreab, Fana and Li, Na and Simonis, Nicolas and others},
  journal={Science},
  volume={322},
  number={5898},
  pages={104--110},
  year={2008},
  publisher={American Association for the Advancement of Science}
}

@article{stumpf2008estimating,
  title={Estimating the size of the human interactome},
  author={Stumpf, Michael PH and Thorne, Thomas and de Silva, Eric and Stewart, Ronald and An, Hyeong Jun and Lappe, Michael and Wiuf, Carsten},
  journal={Proceedings of the National Academy of Sciences},
  volume={105},
  number={19},
  pages={6959--6964},
  year={2008},
  publisher={National Acad Sciences}
}

@article{zhou2004accurately,
  title={Accurately modeling the Internet topology},
  author={Zhou, Shi and Mondrag{\'o}n, Ra{\'u}l J},
  journal={Physical Review E},
  volume={70},
  number={6},
  pages={066108},
  year={2004},
  publisher={APS}
}

@article{carmi2007model,
  title={A model of Internet topology using k-shell decomposition},
  author={Carmi, Shai and Havlin, Shlomo and Kirkpatrick, Scott and Shavitt, Yuval and Shir, Eran},
  journal={Proceedings of the National Academy of Sciences},
  volume={104},
  number={27},
  pages={11150--11154},
  year={2007},
  publisher={National Acad Sciences}
}



@article{amaral2008truer,
  title={A truer measure of our ignorance},
  author={Amaral, Luis A Nunes},
  journal={Proceedings of the National Academy of Sciences},
  volume={105},
  number={19},
  pages={6795--6796},
  year={2008},
  publisher={National Acad Sciences}
}

@article{neal2008kracking,
  title={“Kracking” the missing data problem: applying Krackhardt's cognitive social structures to school-based social networks},
  author={Neal, Jennifer Watling},
  journal={Sociology of Education},
  volume={81},
  number={2},
  pages={140--162},
  year={2008},
  publisher={SAGE Publications}
}

@article{von2002comparative,
  title={Comparative assessment of large-scale data sets of protein--protein interactions},
  author={Von Mering, Christian and Krause, Roland and Snel, Berend and Cornell, Michael and Oliver, Stephen G and Fields, Stanley and Bork, Peer},
  journal={Nature},
  volume={417},
  number={6887},
  pages={399--403},
  year={2002},
  publisher={Nature Publishing Group}
}

@article{guimera2009missing,
  title={Missing and spurious interactions and the reconstruction of complex networks},
  author={Guimer{\`a}, Roger and Sales-Pardo, Marta},
  journal={Proceedings of the National Academy of Sciences},
  volume={106},
  number={52},
  pages={22073--22078},
  year={2009},
  publisher={National Acad Sciences}
}






